<record><leader>00000cas a22000007a 4500</leader><controlfield tag="001">21136839</controlfield><controlfield tag="008">900228d19101914mauwr ne      0    0fre d</controlfield><datafield ind1=" " ind2=" " tag="010"><subfield code="a">sn 89062301 </subfield></datafield><datafield ind1=" " ind2=" " tag="040"><subfield code="a">MGN</subfield><subfield code="b">eng</subfield><subfield code="c">MGN</subfield><subfield code="d">OCLCQ</subfield><subfield code="d">OCLCF</subfield><subfield code="d">OCLCO</subfield></datafield><datafield ind1="1" ind2=" " tag="029"><subfield code="a">AU@</subfield><subfield code="b">000020587151</subfield></datafield><datafield ind1=" " ind2=" " tag="042"><subfield code="a">msc</subfield></datafield><datafield ind1=" " ind2=" " tag="043"><subfield code="a">n-us-ma</subfield></datafield><datafield ind1="0" ind2="3" tag="245"><subfield code="a">Le courrier de Lynn.</subfield></datafield><datafield ind1=" " ind2=" " tag="260"><subfield code="a">Lynn, Mass. :</subfield><subfield code="b">La Cie de Publication du Courrier de Lynn</subfield></datafield><datafield ind1=" " ind2=" " tag="300"><subfield code="a">v.</subfield></datafield><datafield ind1=" " ind2=" " tag="310"><subfield code="a">Weekly</subfield></datafield><datafield ind1="0" ind2=" " tag="362"><subfield code="a">9e anne&#769;e no 14 (1 nov. 1910)-23 de&#769;c. 1914.</subfield></datafield><datafield ind1=" " ind2=" " tag="515"><subfield code="a">Assumed the numbering of: Courrier de Salem.</subfield></datafield><datafield ind1=" " ind2=" " tag="546"><subfield code="a">In French.</subfield></datafield><datafield ind1=" " ind2="0" tag="650"><subfield code="a">French-Canadians</subfield><subfield code="z">Massachusetts</subfield><subfield code="z">Lynn</subfield><subfield code="v">Newspapers.</subfield></datafield><datafield ind1=" " ind2="7" tag="655"><subfield code="a">Newspapers.</subfield><subfield code="2">fast</subfield><subfield code="0">(OCoLC)fst01423814</subfield></datafield><datafield ind1=" " ind2="7" tag="650"><subfield code="a">French-Canadians.</subfield><subfield code="2">fast</subfield><subfield code="0">(OCoLC)fst00934912</subfield></datafield><datafield ind1=" " ind2="7" tag="651"><subfield code="a">Massachusetts</subfield><subfield code="z">Lynn.</subfield><subfield code="2">fast</subfield><subfield code="0">(OCoLC)fst01207099</subfield></datafield><datafield ind1=" " ind2=" " tag="752"><subfield code="a">United States</subfield><subfield code="b">Massachusetts</subfield><subfield code="c">Essex</subfield><subfield code="d">Lynn.</subfield></datafield><datafield ind1=" " ind2=" " tag="752"><subfield code="a">United States</subfield><subfield code="b">Massachusetts</subfield><subfield code="c">Suffolk</subfield><subfield code="d">Chelsea.</subfield></datafield><datafield ind1=" " ind2=" " tag="752"><subfield code="a">United States</subfield><subfield code="b">Massachusetts</subfield><subfield code="c">Middlesex</subfield><subfield code="d">Everett.</subfield></datafield><datafield ind1=" " ind2=" " tag="752"><subfield code="a">United States</subfield><subfield code="b">Massachusetts</subfield><subfield code="c">Essex</subfield><subfield code="d">Saugus.</subfield></datafield><datafield ind1=" " ind2=" " tag="752"><subfield code="a">United States</subfield><subfield code="b">Massachusetts</subfield><subfield code="c">Essex</subfield><subfield code="d">Swampscott.</subfield></datafield><datafield ind1="0" ind2="0" tag="785"><subfield code="t">Lynnois</subfield><subfield code="w">(DLC)sn 89062302</subfield></datafield><datafield ind1="1" ind2=" " tag="787"><subfield code="t">Courrier de Salem</subfield><subfield code="w">(DLC)sn 91058028</subfield></datafield></record>